<record><leader>00000cas a22000007a 4500</leader><controlfield tag="001">12396468</controlfield><controlfield tag="008">850817c19539999pauwr ne      0    0eng d</controlfield><datafield ind1=" " ind2=" " tag="010"><subfield code="a">sn 85038423 </subfield></datafield><datafield ind1=" " ind2=" " tag="040"><subfield code="a">NPY</subfield><subfield code="b">eng</subfield><subfield code="c">NPY</subfield><subfield code="d">NPX</subfield><subfield code="d">NPH</subfield><subfield code="d">OCLCQ</subfield><subfield code="d">DLC</subfield></datafield><datafield ind1=" " ind2=" " tag="042"><subfield code="a">msc</subfield></datafield><datafield ind1="0" ind2=" " tag="130"><subfield code="a">Forest press (Tionesta, Pa. : 1953)</subfield></datafield><datafield ind1="1" ind2="4" tag="245"><subfield code="a">The forest press.</subfield></datafield><datafield ind1=" " ind2=" " tag="260"><subfield code="a">Tionesta, Pa. :</subfield><subfield code="b">Tionesta Press</subfield></datafield><datafield ind1=" " ind2=" " tag="300"><subfield code="a">v. :</subfield><subfield code="b">ill. ;</subfield><subfield code="c">45 cm.</subfield></datafield><datafield ind1=" " ind2=" " tag="310"><subfield code="a">Weekly</subfield></datafield><datafield ind1="1" ind2=" " tag="362"><subfield code="a">Began in 1953?</subfield><subfield code="z">Cf. Ayer.</subfield></datafield><datafield ind1=" " ind2=" " tag="588"><subfield code="a">Description based on: Vol. 85, no 25, (Jan. 1, 1953).</subfield></datafield><datafield ind1=" " ind2=" " tag="752"><subfield code="a">United States</subfield><subfield code="b">Pennsylvania</subfield><subfield code="c">Forest</subfield><subfield code="d">Tionesta.</subfield></datafield><datafield ind1="0" ind2="0" tag="780"><subfield code="t">Forest Republican (Tionesta, Pa.)</subfield><subfield code="x">2333-1550</subfield><subfield code="w">(DLC)sn 84026497</subfield><subfield code="w">(OCoLC)10479815</subfield></datafield></record>